@Manual{MTC2018,
  title   = {{Manual de Carreteras:Diseño Geometrico}},
  address = {Jirón Zorritos 1203, Lima 15404},
  author  = {{Ministerio de Transportes y Comunicaciones}},
  month   = jan,
  year    = {2018},
  groups  = {Normas peruanas},
  url     = {https://portal.mtc.gob.pe/transportes/caminos/normas_carreteras/manuales.html},
}
@Standard{CongresoRepublica2022,
  institution  = {Poder Legislativo},
  organization = {República del Perú},
  title        = {{Ley de Presupuesto del Sector P{\'u}blico para el año Fiscal 2023}},
  address      = {Jirón Junín 670, Lima 15001},
  author       = {{Congreso de la Rep{\'u}blica}},
  howpublished = {Online},
  language     = {spanish},
  month        = dec,
  number       = {31638},
  url          = {https://busquedas.elperuano.pe/dispositivo/NL/2132248-1},
  year         = {2022},
  groups       = {Administración Pública},
}
@Standard{CongresoRepublica2003,
  institution  = {Poder Legislativo},
  organization = {República del Perú},
  title        = {{Ley Org{\'a}nica de Municipalidades}},
  author       = {{Congreso de la Rep{\'u}blica}},
  howpublished = {Online},
  language     = {spanish},
  month        = may,
  number       = {27972},
  url          = {https://www.gob.pe/institucion/mef/normas-legales/229447-27972},
  year         = {2003},
  groups       = {Administración Pública},
}

@Standard{MVCS2010,
  institution  = {Poder Ejecutivo},
  organization = {{R}ep{\'u}blica del {P}er{\'u}},
  title        = {{Metrados para Obras de Edificaci{\'o}n y Habilitaciones Urbanas}},
  address      = {Av. República de Panamá 3650 Lima - Lima - San Isidro - Perú},
  author       = {{Ministerio de Vivienda Construcci{\'o}n y Saneamiento}},
  howpublished = {Online},
  language     = {spanish},
  month        = may,
  number       = {073},
  url          = {https://www3.vivienda.gob.pe/dnc/archivos/Estudios_Normalizacion/Normalizacion/normas/norma_metrados.pdf},
  year         = {2010},
  groups       = {Norma Tecnica},
}

@Manual{MTC2013,
  title        = {{Manual de Carreteras :Especificaciones T{\'e}cnicas Generales para la Construcci{\'o}n}},
  address      = {Jr. Zorritos n.° 1203 Lima - Lima - Lima - Perú},
  author       = {{{M}inisterio de {T}ransportes y {C}omunicaciones}},
  edition      = {I},
  month        = jun,
  organization = {{R}ep{\'u}blica del {P}er{\'u}},
  year         = {2013},
  groups       = {MTC},
  url          = {https://portal.mtc.gob.pe/transportes/caminos/normas_carreteras/documentos/manuales/MANUALES DE CARRETERAS 2019/MC-01-13 Especificaciones Tecnicas Generales para Construcción - EG-2013 - (Versión Revisada - JULIO 2013).pdf},
}